@BOOK{Katzenbeisser,
    author = "Stefan Katzenbeisser and Fabien A. P. Petitcolas",
    title = "{\it Information hiding techniques for steganography and digital watermarking}",
    publisher = "Artech House",
    year = "2000",
    isbn = "1-58053-035-4",
}

@BOOK{Barni,
    author = "Mauro Barni and Franco Bartolini",
    title = "{\it Watermarking systems engineering: enabling digital assets security and other applications}",
    publisher = "Marcel Dekker",
    year = "2004",
    isbn = "0824748069",
}

@BOOK{Cox,
    author = "Ingemar J. Cox and Matthew L. Miller and Jeffrey A. Bloom and Jessica Fridrich and Ton Kalker",
    title = "{\it . Digital watermarking and steganography}",
    publisher = "Morgan Kaufmann Publishers",
    edition = "2",
    year = "2008",
    isbn = "0-12-372585-2",
}

@article{QRdecomposition,
    author = "Yashar Naderahmadian and Saied Hosseini-Khayat",
    title = "{\it Fast and robust watermarking in still images based on QR decomposition}",
    journal = "{\it Multimedia Tools and Applications}",
    year = "2014",
    volume = "72",
    number = "3",
    pages = "2597-2618",
    issn = "1380-7501",
    doi = "10.1007/s11042-013-1559-9",
    url = "http://link.springer.com/10.1007/s11042-013-1559-9",
    note = "[Online; navštívené 24.01.2017]"   
}

@article{Chen,
    author = "Po-Yueh Chen and Chi-Long Lin",
    title = "{\it Print and scan resistant watermarking scheme for colour images}",
    journal = "{\it The Imaging Science Journal}",
    year = "2015",
    volume = "63",
    number = "5",
    pages = "273-284",
    doi = "10.1179/1743131X15Y.0000000010",
    issn = "1368-2199",
    url = "http://www.tandfonline.com/doi/full/10.1179/1743131X15Y.0000000010",
    note = "[Online; navštívené 19.02.2017]"
}

@article{Golshan,
  author = {F. Golshan and K. Mohammadi},
  journal = "{\it The Imaging Science Journal}",
  title = "{\it SVD-based digital image watermarking using adaptive generated watermark}",
  year = {2014},
  pages = {3-10},
  volume = {62},
  number = {1},
  issn = {13682199},
  doi = {10.1179/1743131X12Y.0000000021},
  url = {http://www.tandfonline.com/doi/full/10.1179/1743131X12Y.0000000021},
  note = "[Online; navštívené 19.02.2017]",
}

@article{Lu-fractal,
  author = {Jian Lu and Yuru Zou and Chaoying Yang and Lijing Wang},
  journal = "{\it Mathematical Problems in Engineering}",
  title = "{\it A Robust Fractal Color Image Watermarking Algorithm}",
  year = {2014},
  pages = {1-12},
  volume = {2014},
  number = {638174},
  ISSN = {1024123x},
  DOI = {10.1155/2014/638174},
  URL = {http://www.hindawi.com/journals/mpe/2014/638174/},
  note = "[Online; navštívené 19.02.2017]",
}

@article{Thabit2014-11-01,
  author = {Rasha Thabit and Bee Ee Khoo},
  journal = "{\it IET Image Processing}",
  title = "{\it Capacity improved robust lossless image watermarking}",
  year = {2014},
  pages = {662-670},
  volume = {8},
  number = {11},
  ISSN = {17519659},
  DOI = {10.1049/iet-ipr.2013.0862},
  URL = {http://digital-library.theiet.org/content/journals/10.1049/iet-ipr.2013.0862},
  note = "[Online; navštívené 19.02.2017]",
}

@inproceedings{Chen2014,
  author = {Yueh Hong Chen and Hsiang Cheh Huang},
  booktitle = "{\it 2014 Tenth International Conference on Intelligent Information Hiding and Multimedia Signal Processing}",
  title = "{\it Reversible Image Watermarking Based on Genetic Algorithm}",
  publisher = {IEEE},
  year = {2014},
  pages = {21-24},
  ISBN = {9781479953905},
  DOI = {10.1109/IIH-MSP.2014.13},
  URL = {http://ieeexplore.ieee.org/document/6998258/},
  note = "[Online; navštívené 19.02.2017]",
}

@article{Dragoi2015,
  author = {Ioan-Catalin Dragoi and Dinu Coltuc},
  journal = "{\it IEEE Transactions on Image Processing}",
  title = "{\it On Local Prediction Based Reversible Watermarking}",
  year = {2015},
  pages = {1244-1246},
  volume = {24},
  number = {4},
  ISSN = {10577149},
  DOI = {10.1109/TIP.2015.2395724},
  URL = {http://ieeexplore.ieee.org/document/7018019/},
  note = "[Online; navštívené 19.02.2017]",
}

@article{Dutta2014,
  author = {Malay Kishore Dutta and Phalguni Gupta and Vinay K. Pathak},
  journal = "{\it Multimedia Tools and Applications}",
  title = "{\it A perceptible watermarking algorithm for audio signals}",
  year = {2014},
  pages = {691-713},
  volume = {73},
  number = {2},
  ISSN = {13807501},
  DOI = {10.1007/s11042-011-0945-4},
  URL = {http://link.springer.com/10.1007/s11042-011-0945-4},
  note = "[Online; navštívené 19.02.2017]",
}

@article{Hamghalam2015,
  author = {Mohammad Hamghalam and Sattar Mirzakuchaki and Mohammad Ali Akhaee},
  journal = "{\it Multimedia Tools and Applications}",
  title = "{\it Vertex angle image watermarking with optimal detector}",
  year = {2015},
  pages = {3077-3098},
  volume = {74},
  number = {9},
  ISSN = {13807501},
  DOI = {10.1007/s11042-013-1769-1},
  URL = {http://link.springer.com/10.1007/s11042-013-1769-1},
  note = "[Online; navštívené 19.02.2017]",
}

@article{Tsougenis2015,
  author = {E. D. Tsougenis and G. A. Papakostas and D. E. Koulouriotis},
  journal = "{\it Multimedia Tools and Applications}",
  title = "{\it Image watermarking via separable moments}",
  year = {2015},
  pages = {3985-4012},
  volume = {74},
  number = {11},
  ISSN = {13807501},
  DOI = {10.1007/s11042-013-1808-y},
  URL = {http://link.springer.com/10.1007/s11042-013-1808-y},
  note = "[Online; navštívené 19.02.2017]",
}

@article{DeCock2015,
  author = {Jan De Cock and Heinz Hofbauer and Thomas Stütz and Andreas Uhl and Andreas Unterweger},
  journal = "{\it Multimedia Tools and Applications}",
  title = "{\it An industry-level blu-ray watermarking framework}",
  year = {2015},
  pages = {8079-8101},
  volume = {74},
  number = {18},
  ISSN = {13807501},
  DOI = {10.1007/s11042-014-2042-y},
  URL = {http://link.springer.com/10.1007/s11042-014-2042-y},
  note = "[Online; navštívené 19.02.2017]",
}

@article{Lee2016,
  author = {Ming-Lun Lee and Pei-Yih Ting and Tzong-Sun Wu},
  journal = "{\it Multimedia Tools and Applications}",
  title = "{\it Photograph watermarking}",
  year = {2016},
  pages = {16173–16189},
  volume = {75},
  number = {23},
  ISSN = {13807501},
  DOI = {10.1007/s11042-015-2925-6},
  URL = {http://link.springer.com/10.1007/s11042-015-2925-6},
  note = "[Online; navštívené 19.02.2017]",
}

@article{Anusudha2017,
  author = {K. Anusudha and N. Venkateswaran and J. Valarmathi},
  journal = "{\it Multimedia Tools and Applications}",
  title = "{\it Secured medical image watermarking with DNA codec}",
  year = {2017},
  pages = {2911–2932},
  volume = {76},
  number = {2},
  ISSN = {13807501},
  DOI = {10.1007/s11042-015-3213-1},
  URL = {http://link.springer.com/10.1007/s11042-015-3213-1},
  note = "[Online; navštívené 19.02.2017]",
}

@article{Zamani2015,
  author = {Mazdak Zamani and Azizah Bt Abdul Manaf},
  journal = "{\it Telecommunication Systems}",
  title = "{\it Genetic algorithm for fragile audio watermarking}",
  year = {2015},
  pages = {291-304},
  volume = {59},
  number = {3},
  ISSN = {10184864},
  DOI = {10.1007/s11235-014-9936-x},
  URL = {http://link.springer.com/10.1007/s11235-014-9936-x},
  note = "[Online; navštívené 19.02.2017]",
}

@article{Fallahpour,
  author = {Mehdi Fallahpour and David Megias},
  journal = "{\it International Journal of Innovative Computing, Information and Control}",
  title = "{\it High capacity robust audio watermarking scheme based on FFT and linear regression}",
  year = {2012},
  pages = {2477-2489},
  volume = {8},
  number = {4},
  ISSN = {1349-4198},
  URL = {http://www.ijicic.org/ijicic-10-12106.pdf},
  note = "[Online; navštívené 19.02.2017]",
}

@article{Swati2014,
  author = {Salahuddin Swati and Khizar Hayat and Zafar Shahid and Francesco Pappalardo},
  journal = "{\it PLoS ONE}",
  title = "{\it A Watermarking Scheme for High Efficiency Video Coding (HEVC)}",
  publisher = {Public Library of Science},
  year = {2014},
  pages = {1-8},
  volume = {9},
  number = {8},
  doi = {10.1371/journal.pone.0105613},
  url = {https://doi.org/10.1371/journal.pone.0105613},
  note = "[Online; navštívené 19.02.2017]",
}

@article{Abbasi2015,
  author = {Almas Abbasi and Chaw Seng Woo and Rabha Waell Ibrahim and Saeed Islam and Jonathan A. Coles},
  journal = "{\it PLoS ONE}",
  title = "{\it Invariant Domain Watermarking Using Heaviside Function of Order Alpha and Fractional Gaussian Field}",
  publisher = {Public Library of Science},
  year = {2015},
  pages = {1-14},
  volume = {10},
  number = {4},
  doi = {10.1371/journal.pone.0123427},
  url = {http://journals.plos.org/plosone/article?id=10.1371/journal.pone.0123427},
  note = "[Online; navštívené 19.02.2017]",
}

@article{Hsieh2014,
  author = {Shang-Lin Hsieh and Chun-Che Chen and Wen-Shan Shen},
  journal = "{\it The Scientific World Journal}",
  title = "{\it Combining Digital Watermarking and Fingerprinting Techniques to Identify Copyrights for Color Images}",
  year = {2014},
  pages = {1-14},
  volume = {2014},
  number = {454867},
  ISSN = {23566140},
  DOI = {10.1155/2014/454867},
  URL = {http://www.hindawi.com/journals/tswj/2014/454867/},
  note = "[Online; navštívené 19.02.2017]",
}

@article{Wang2014,
  author = {Fei Wang and Zhaoxin Xie and Zuo Chen},
  journal = "{\it The Scientific World Journal}",
  title = "{\it High Capacity Reversible Watermarking for Audio by Histogram Shifting and Predicted Error Expansion}",
  year = {2014},
  pages = {1-7},
  volume = {2014},
  number = {656251},
  ISSN = {23566140},
  DOI = {10.1155/2014/656251},
  URL = {http://www.hindawi.com/journals/tswj/2014/656251/},
}
